@article{haras2018thermoelectricity,
  title={Thermoelectricity for IoT--A review},
  author={Haras, Maciej and Skotnicki, Thomas},
  journal={Nano Energy},
  volume={54},
  pages={461--476},
  year={2018},
  publisher={Elsevier}
}